@article{Githio2024,
  author  = {Githio, Lynne and Liu, Huixin and Arafa, Ayman A. and Mahrous, Ayman},
  title   = {A machine learning approach for estimating the drift velocities of equatorial plasma bubbles based on All-Sky Imager and GNSS observations},
  journal = {Advances in Space Research},
  volume  = {74},
  number  = {11},
  pages   = {6047--6064},
  year    = {2024},
  issn    = {0273-1177},
  doi     = {10.1016/j.asr.2024.08.033}
}

@techreport{EMBRACE2021,
  author      = {{Instituto Nacional de Pesquisas Espaciais} (INPE)},
  title       = {Programa de Estudo e Monitoramento Brasileiro de Clima Espacial ({EMBRACE}): Relatório Descritivo},
  institution = {Instituto Nacional de Pesquisas Espaciais (INPE)},
  year        = {2021},
  month       = {julho},
  address     = {São José dos Campos},
  day         = {01},
  note        = {Relatório, 86 p.},
}

@article{Zhong2025,
  author  = {Zhong, J. and Zou, Z. and Wu, K. and Xu, J. and Lu, Y. and Sun, L.},
  title   = {Automatic Detection and Feature Extraction of Equatorial Plasma Bubbles From All-Sky Airglow Image Based on Machine Learning},
  journal = {Space Weather},
  volume  = {23},
  number  = {e2025SW004336},
  pages   = {e2025SW004336},
  year    = {2025},
  doi     = {10.1029/2025SW004336},
  publisher = {AGU (American Geophysical Union)},
}

@article{Siddiqui2025,
  author = {Siddiqui, Ayesha, Dr.},
  title = {Enhanced Identification of Equatorial Plasma Bubbles in Airglow Imagery via 2D Principal Component Analysis and Interpretable AI},
  journal = {International Journal of Advanced Artificial Intelligence Research (IJAAIR)},
  volume = {02},
  issue = {02},
  pages = {01--08},
  month = {February},
  year = {2025},
  doi = {10.55640/ijaair-v02i02-01}
}

@article{Yacoub2025,
  author = {Yacoub, Moheb and Abdelwahab, Moataz and Shiokawa, Kazuo and Mahrous, Ayman},
  title = {Automatic Detection of Equatorial Plasma Bubbles in Airglow Images Using Two-Dimensional Principal Component Analysis and Explainable Artificial Intelligence},
  journal = {Mach. Learn. Knowl. Extr.},
  volume = {7},
  issue = {26},
  pages = {1--19},
  year = {2025},
  publisher = {MDPI},
  doi = {10.3390/make7010026}
}

@article{Thanakulketsarat2023,
  author = {Thanakulketsarat, Thananphat and Supnithi, Pornchai and Min Min Myint, Lin and Hozumi, Kornyanat and Nishioka, Michi},
  title = {Classification of the equatorial plasma bubbles using convolutional neural network and support vector machine techniques},
  journal = {Earth, Planets and Space},
  year = {2020},
  volume = {75},
  issue = {1},
  pages = {161},
  doi = {10.1186/s40623-023-01903-7},
  url = {https://doi.org/10.1186/s40623-023-01903-7}
}

@article{Sedlak2023Analysis,
  author  = {Sedlak, René and Welscher, Andreas and Hannawald, Patrick and Wüst, Sabine and Lienhart, Rainer and Bittner, Michael},
  title   = {Analysis of 2D airglow imager data with respect to dynamics using machine learning},
  journal = {Atmospheric Measurement Techniques},
  volume  = {16},
  pages   = {3141--3153},
  year    = {2023},
  doi     = {10.5194/amt-16-3141-2023},
  url     = {https://doi.org/10.5194/amt-16-3141-2023},
  publisher = {EGU}
}